@TechReport{MPACTTheoryManual,
  title        = {MPACT Theory Manual},
  author       = {Collins, Benjamin S. and others},
  institution  = {Oak Ridge National Laboratory and the University of Michigan},
  month        = {February},
  year         = {2015}
}

@inproceedings{MC2015_VCS_Cycle_Depletion,
  author    = {Kochunas, Brendan M. and Collins, Benjamin and Jabaay, Daniel and Stimpson, Shane and Graham, Aaron and Kim, Kang Seog and Wieselquist, William and Clarno, Kevin and Palmtag, Scott and Downar, Thomas and Gehin, Jess},
  title     = {{VERA} Core Simulator Methodology for PWR Cycle Depletion},
  booktitle = {Proceedings of the ANS Joint International Conference on Mathematics and Computation (M$\&$C 2015), Supercomputing in Nuclear Applications (SNA), and the Monte Carlo (MC) Method},
  year      = {2015},
  address   = {Nashville, TN, USA},
  month     = {April 19--23},
  url       = {http://www.casl.gov/docs/CASL-U-2015-0155-000.pdf}
}

@TechReport{VERAProgressionProblems,
  author      = {Godfrey, Andrew T.},
  title       = {VERA Core Physics Benchmark Progression Problem Specifications},
  institution = {Oak Ridge National Laboratory},
  month       = {August},
  year        = {2014},
  url         = {http://www.casl.gov/docs/CASL-U-2012-0131-004.pdf}
}

@article{StabilityAndAccuracyOf3DTransportInMPACT,
  author      = {Collins, Benjamin S. and Stimpson, Shane and Kelley, Blake W. and Young, Mitchell T. H. and Kochunas, Brendan and Graham, Aaron and Larsen, Edward W. and Downar, Thomas and Godfrey, Andrew},
  title       = {Stability and Accuracy of 3D Neutron Transport Simulations Using the 2D/1D Method in MPACT},
  journal     = {Journal of Computational Physics},
  year        = {2016},
  month       = {August},
  volume      = {326},
  pages       = {612-628},
}

@inproceedings{ICAPPcontrolRodDecuspingNTRACER,
  author      = {Jung, Yeon Sang and Joo, Han Gyu},
  title       = {Control Rod Decusping Treatment Based on Local 3-D CMFD Calculation for Direct Whole Core Transport Solvers},
  institution = {Seoul National University},
  month       = {April 6--9},
  booktitle   = {Proceedings of the International Congress on Advances in Nuclear Power Plants (ICAPP)},
  year        = {2014},
}